<?xml version="1.0" encoding="UTF-8"?><collection xmlns="http://www.loc.gov/MARC21/slim"><record><leader>00428nam--2200145-i-4500</leader><controlfield tag="001">000015674</controlfield><controlfield tag="002">20161230</controlfield><controlfield tag="005">20170208130241</controlfield><controlfield tag="008">060222s1000------------r-----000-0-eng-d</controlfield><datafield ind1=" " ind2=" " tag="245"><subfield code="a">Cerintele functiilor de conducere pe niveluri ierarhice. Sinteza redactata de marin mihut</subfield></datafield><datafield ind1=" " ind2=" " tag="260"><subfield code="a">Bucuresti</subfield><subfield code="b">Inid</subfield><subfield code="c">1985</subfield></datafield><datafield ind1=" " ind2=" " tag="300"><subfield code="a">80 p</subfield></datafield><datafield ind1=" " ind2=" " tag="490"><subfield code="a">Colectia Probleme Ale Conducerii Moderne</subfield></datafield><datafield ind1=" " ind2=" " tag="852"><subfield code="a">65</subfield></datafield><datafield ind1=" " ind2=" " tag="CAT"><subfield code="a">SYS</subfield><subfield code="c">20170208</subfield><subfield code="h">130241</subfield></datafield></record></collection>